<?xml version="1.0" encoding="UTF-8"?><collection xmlns="http://www.loc.gov/MARC21/slim"><record><leader>00316nam--2200121-i-4500</leader><controlfield tag="001">000047765</controlfield><controlfield tag="002">20161230</controlfield><controlfield tag="005">20170107155104</controlfield><controlfield tag="008">060222s1000------------r-----000-0-eng-d</controlfield><datafield ind1=" " ind2=" " tag="245"><subfield code="a">Yearbook 1985-1986</subfield></datafield><datafield ind1=" " ind2=" " tag="260"><subfield code="a">Budapest</subfield><subfield code="b">Central Research Inst. For Physics</subfield><subfield code="c">[1985-86]</subfield></datafield><datafield ind1=" " ind2=" " tag="852"><subfield code="a">37630</subfield></datafield><datafield ind1=" " ind2=" " tag="CAT"><subfield code="a">SYS</subfield><subfield code="c">20170107</subfield><subfield code="h">155104</subfield></datafield></record></collection>